[gd_scene load_steps=10 format=3 uid="uid://dm8db7pmxf6eo"]

[ext_resource type="Script" path="res://flappy.gd" id="1_hqsii"]
[ext_resource type="Texture2D" uid="uid://chh6ahs53ojvu" path="res://Assets/chicken_right.png" id="1_worjh"]
[ext_resource type="AudioStream" uid="uid://dqq1qvyhkq254" path="res://Assets/jump.wav" id="3_adg71"]
[ext_resource type="AudioStream" uid="uid://b24nhg076wisi" path="res://Assets/hitHurt.wav" id="4_mjxqw"]
[ext_resource type="AudioStream" uid="uid://odog5vwxcukf" path="res://Assets/dash_sound.wav" id="5_yepb0"]

[sub_resource type="CircleShape2D" id="CircleShape2D_fj164"]
radius = 5.0

[sub_resource type="AtlasTexture" id="AtlasTexture_xlgoj"]
atlas = ExtResource("1_worjh")
region = Rect2(32, 0, 16, 16)

[sub_resource type="AtlasTexture" id="AtlasTexture_t52fm"]
atlas = ExtResource("1_worjh")
region = Rect2(0, 0, 16, 16)

[sub_resource type="SpriteFrames" id="SpriteFrames_sevo7"]
animations = [{
"frames": [{
"duration": 1.0,
"texture": SubResource("AtlasTexture_xlgoj")
}],
"loop": true,
"name": &"down",
"speed": 5.0
}, {
"frames": [{
"duration": 1.0,
"texture": SubResource("AtlasTexture_t52fm")
}],
"loop": true,
"name": &"up",
"speed": 5.0
}]

[node name="Flappy" type="CharacterBody2D"]
scale = Vector2(8, 8)
script = ExtResource("1_hqsii")

[node name="CollisionShape2D" type="CollisionShape2D" parent="."]
shape = SubResource("CircleShape2D_fj164")

[node name="AnimatedSprite2D" type="AnimatedSprite2D" parent="."]
texture_filter = 1
position = Vector2(1, -3)
sprite_frames = SubResource("SpriteFrames_sevo7")
animation = &"up"

[node name="JumpSound" type="AudioStreamPlayer2D" parent="."]
stream = ExtResource("3_adg71")
volume_db = -15.0

[node name="HitSound" type="AudioStreamPlayer2D" parent="."]
stream = ExtResource("4_mjxqw")
volume_db = -5.0

[node name="DashSound" type="AudioStreamPlayer2D" parent="."]
stream = ExtResource("5_yepb0")
volume_db = -5.0
