[gd_scene load_steps=3 format=3 uid="uid://bkq208dkyiha2"]

[ext_resource type="Script" path="res://hud.gd" id="1_2cl4y"]
[ext_resource type="Texture2D" uid="uid://j3wsnplra4kd" path="res://Assets/dash_icon.png" id="2_rujkx"]

[node name="Hud" type="CanvasLayer"]
script = ExtResource("1_2cl4y")

[node name="Control" type="Control" parent="."]
layout_mode = 3
anchors_preset = 15
anchor_right = 1.0
anchor_bottom = 1.0
grow_horizontal = 2
grow_vertical = 2

[node name="MarginContainer" type="MarginContainer" parent="Control"]
layout_mode = 1
anchors_preset = 15
anchor_right = 1.0
anchor_bottom = 1.0
grow_horizontal = 2
grow_vertical = 2
theme_override_constants/margin_left = 32
theme_override_constants/margin_top = 32
theme_override_constants/margin_right = 32
theme_override_constants/margin_bottom = 32

[node name="Score" type="Label" parent="Control/MarginContainer"]
layout_mode = 2
size_flags_horizontal = 0
size_flags_vertical = 0
theme_override_font_sizes/font_size = 40

[node name="VBoxContainer" type="VBoxContainer" parent="Control/MarginContainer"]
layout_mode = 2
size_flags_horizontal = 4
size_flags_vertical = 4

[node name="GameOver" type="Label" parent="Control/MarginContainer/VBoxContainer"]
layout_mode = 2
size_flags_horizontal = 4
theme_override_colors/font_color = Color(1, 0.819608, 0.0196078, 1)
theme_override_colors/font_shadow_color = Color(0, 0, 0, 1)
theme_override_constants/shadow_offset_x = 4
theme_override_constants/shadow_offset_y = 4
theme_override_constants/shadow_outline_size = 1
theme_override_font_sizes/font_size = 100

[node name="PressToRestart" type="Label" parent="Control/MarginContainer/VBoxContainer"]
layout_mode = 2
size_flags_horizontal = 4
size_flags_vertical = 8
theme_override_colors/font_color = Color(1, 0.87451, 0.466667, 1)
theme_override_colors/font_shadow_color = Color(0, 0, 0, 1)
theme_override_constants/shadow_offset_x = 3
theme_override_constants/shadow_offset_y = 3
theme_override_font_sizes/font_size = 30

[node name="MarginContainer2" type="MarginContainer" parent="Control"]
layout_mode = 1
anchors_preset = 15
anchor_right = 1.0
anchor_bottom = 1.0
grow_horizontal = 2
grow_vertical = 2
theme_override_constants/margin_left = 30
theme_override_constants/margin_bottom = 30

[node name="DashContainer" type="HBoxContainer" parent="Control/MarginContainer2"]
texture_filter = 1
layout_mode = 2
size_flags_vertical = 8
theme_override_constants/separation = 20

[node name="TextureRect" type="TextureRect" parent="Control/MarginContainer2/DashContainer"]
texture_filter = 1
custom_minimum_size = Vector2(100, 100)
layout_mode = 2
texture = ExtResource("2_rujkx")

[node name="TextureRect2" type="TextureRect" parent="Control/MarginContainer2/DashContainer"]
texture_filter = 1
custom_minimum_size = Vector2(100, 100)
layout_mode = 2
texture = ExtResource("2_rujkx")

[node name="TextureRect3" type="TextureRect" parent="Control/MarginContainer2/DashContainer"]
texture_filter = 1
custom_minimum_size = Vector2(100, 100)
layout_mode = 2
texture = ExtResource("2_rujkx")
